@online{NJ,
	author = {Naveen Joshi},
	title = {The Present And Future Of Computer Vision},
	url = {https://www.forbes.com/sites/cognitiveworld/2019/06/26/the-present-and-future-of-computer-vision/#490553c0517d},
	urldate = {2020-02-22}
}

@online{ScL,
	author = {Wikipedia},
	title = {Scikit-learn},
	url = {https://de.wikipedia.org/wiki/Scikit-learn},
	urldate = {2020-02-22}
}

@online{Ocv,
	author = {Wikipedia},
	title = {OpenCV},
	url = {https://de.wikipedia.org/wiki/OpenCV},
	urldate = {2020-02-22}
}

@online{OcvD,
	author = {OpenCV},
	title = {OpenCV},
	url = {https://docs.opencv.org/3.4/dc/dbb/tutorial_py_calibration.html},
	urldate = {2020-02-22}
}

@online{VZ,
	author = {fotokurs-bremen},
	title = {Verzeichnung},
	url = {http://www.fotokurs-bremen.de/objektive-brennweite-und-verzeichnung/},
	urldate = {2020-02-22}
}